% Encoding: UTF-8

@string { ECCV = "Proc. of European Conference on Computer Vision" }
@string { CVPR = "Proc. of IEEE Computer Vision and Pattern Recognition" }
@string { VISAPP = "Proc. of Computer Vision Theory and Applications" }

@Comment{jabref-meta: databaseType:bibtex;}
